@article{gaisser2016,
    author  = "Gaisser",
    title   = "Viewpoint: Cosmic-Ray Showers Reveal Muon Mystery",
    journal = "Physical Review Letters",
    volume  = "9",
    number  = "125",
    month   = "October",
    year    = "2016",
    URL     = "https://physics.aps.org/articles/v9/125"
}

@article{PhysRev.59.223,
  title = {Variation of the Rate of Decay of Mesotrons with Momentum},
  author = {Rossi, Bruno and Hall, David B.},
  journal = {Phys. Rev.},
  volume = {59},
  issue = {3},
  pages = {223--228},
  numpages = {0},
  year = {1941},
  month = {Feb},
  publisher = {American Physical Society},
  doi = {10.1103/PhysRev.59.223},
  url = {https://link.aps.org/doi/10.1103/PhysRev.59.223}
}

@article{PhysRevLett.106.041803,
  title = {Measurement of the Positive Muon Lifetime and Determination of the Fermi Constant to Part-per-Million Precision},
  author = {Webber, D. M. and Tishchenko, V. and Peng, Q. and Battu, S. and Carey, R. M. and Chitwood, D. B. and Crnkovic, J. and Debevec, P. T. and Dhamija, S. and Earle, W. and Gafarov, A. and Giovanetti, K. and Gorringe, T. P. and Gray, F. E. and Hartwig, Z. and Hertzog, D. W. and Johnson, B. and Kammel, P. and Kiburg, B. and Kizilgul, S. and Kunkle, J. and Lauss, B. and Logashenko, I. and Lynch, K. R. and McNabb, R. and Miller, J. P. and Mulhauser, F. and Onderwater, C. J. G. and Phillips, J. and Rath, S. and Roberts, B. L. and Winter, P. and Wolfe, B.},
  collaboration = {MuLan Collaboration},
  journal = {Phys. Rev. Lett.},
  volume = {106},
  issue = {4},
  pages = {041803},
  numpages = {5},
  year = {2011},
  month = {Jan},
  publisher = {American Physical Society},
  doi = {10.1103/PhysRevLett.106.041803},
  url = {https://link.aps.org/doi/10.1103/PhysRevLett.106.041803}
}

@article{bross,
  title = {MICE experiment demonstrates key technique for future muon colliders},
  author = {Bross, Alan and Kaplan, Dan},
  publisher = {Fermi National Accelerator Laboratory},
  url = {https://news.fnal.gov/2020/02/mice-experiment-demonstrates-key-technique-for-future-muon-colliders/}
}

@book{leotechniquesforexperiments,
    author    = "William R. Leo",
    title     = "Techniques for Nuclear and Particle Physics Experiments",
    year      = "1994",
    publisher = "Springer"
}

@misc{nistconstant,
    author        = "U.S. NIST",
    title         = "Reference on Constants, Units, and Uncertainty",
    howpublished  = "https://physics.nist.gov/cuu/Constants/",
    note          = "Accessed: 2020-03-18"
}

@misc{Yu2020,
  author = {Stanley Yu},
  title = {Muon Lifetime Experiment Codebase},
  year = {2020},
  publisher = {GitHub},
  journal = {GitHub repository},
  howpublished = {\url{https://github.com/charlespwd/project-title}}
}
